<record><leader>00000cas a22000007a 4500</leader><controlfield tag="001">12396486</controlfield><controlfield tag="008">850817d18771894pauwr ne      0    0eng d</controlfield><datafield ind1=" " ind2=" " tag="010"><subfield code="a">sn 85038428 </subfield></datafield><datafield ind1=" " ind2=" " tag="040"><subfield code="a">NPY</subfield><subfield code="b">eng</subfield><subfield code="c">NPY</subfield><subfield code="d">NPH</subfield><subfield code="d">OCLCQ</subfield></datafield><datafield ind1=" " ind2=" " tag="042"><subfield code="a">msc</subfield></datafield><datafield ind1="0" ind2=" " tag="130"><subfield code="a">Weekly new era (Lancaster, Pa.)</subfield></datafield><datafield ind1="1" ind2="4" tag="245"><subfield code="a">The weekly new era.</subfield></datafield><datafield ind1="1" ind2="7" tag="246"><subfield code="a">New era</subfield></datafield><datafield ind1=" " ind2=" " tag="260"><subfield code="a">Lancaster, Pa. :</subfield><subfield code="b">J.B. Warfel,</subfield><subfield code="c">1877-1894.</subfield></datafield><datafield ind1=" " ind2=" " tag="300"><subfield code="a">v. ;</subfield><subfield code="c">57-61 cm.</subfield></datafield><datafield ind1=" " ind2=" " tag="310"><subfield code="a">Weekly</subfield></datafield><datafield ind1="0" ind2=" " tag="362"><subfield code="a">Vol. 1, no. 1 (May 5, 1877)-v. 17, no. 52 (Apr. 28, 1894).</subfield></datafield><datafield ind1=" " ind2=" " tag="752"><subfield code="a">United States</subfield><subfield code="b">Pennsylvania</subfield><subfield code="c">Lancaster</subfield><subfield code="d">Lancaster.</subfield></datafield><datafield ind1="0" ind2=" " tag="775"><subfield code="t">Daily new era (Lancaster, Pa.)</subfield><subfield code="w">(DLC)sn 87078075</subfield></datafield><datafield ind1="0" ind2="0" tag="785"><subfield code="t">Semi-weekly new era (Lancaster, Pa.)</subfield><subfield code="w">(DLC)sn 89077180</subfield></datafield></record>